<record><leader>00000cas a2200000 a 4500</leader><controlfield tag="001">39342701</controlfield><controlfield tag="008">980624d19uu1935miuwr n       0    0eng c</controlfield><datafield ind1=" " ind2=" " tag="010"><subfield code="a">sn 98066184 </subfield></datafield><datafield ind1=" " ind2=" " tag="040"><subfield code="a">MHN</subfield><subfield code="b">eng</subfield><subfield code="c">MHN</subfield><subfield code="d">OCL</subfield><subfield code="d">OCLCQ</subfield><subfield code="d">OCLCF</subfield><subfield code="d">OCLCO</subfield></datafield><datafield ind1="1" ind2=" " tag="029"><subfield code="a">AU@</subfield><subfield code="b">000014094698</subfield></datafield><datafield ind1=" " ind2=" " tag="042"><subfield code="a">pcc</subfield></datafield><datafield ind1=" " ind2=" " tag="043"><subfield code="a">n-us-mi</subfield></datafield><datafield ind1="0" ind2="4" tag="245"><subfield code="a">The Croswell jeffersonian.</subfield></datafield><datafield ind1=" " ind2=" " tag="260"><subfield code="a">Croswell, Mich. :</subfield><subfield code="b">D.E. Hubbell</subfield></datafield><datafield ind1=" " ind2=" " tag="300"><subfield code="a">v.</subfield></datafield><datafield ind1=" " ind2=" " tag="310"><subfield code="a">Weekly</subfield></datafield><datafield ind1="0" ind2=" " tag="362"><subfield code="a">-v. 77, no. 37 (July 26, 1935).</subfield></datafield><datafield ind1=" " ind2=" " tag="500"><subfield code="a">Issue also called: 75th Anniversary number, 1858-1933, Nov. 10, 1933.</subfield></datafield><datafield ind1=" " ind2=" " tag="588"><subfield code="a">Description based on: Vol. 59, no. 50 (July 20, 1917).</subfield></datafield><datafield ind1=" " ind2="0" tag="651"><subfield code="a">Croswell (Mich.)</subfield><subfield code="v">Newspapers.</subfield></datafield><datafield ind1=" " ind2="0" tag="651"><subfield code="a">Sanilac County (Mich.)</subfield><subfield code="v">Newspapers.</subfield></datafield><datafield ind1=" " ind2="7" tag="655"><subfield code="a">Newspapers.</subfield><subfield code="2">fast</subfield><subfield code="0">(OCoLC)fst01423814</subfield></datafield><datafield ind1=" " ind2="7" tag="651"><subfield code="a">Michigan</subfield><subfield code="z">Croswell.</subfield><subfield code="2">fast</subfield><subfield code="0">(OCoLC)fst01231724</subfield></datafield><datafield ind1=" " ind2="7" tag="651"><subfield code="a">Michigan</subfield><subfield code="z">Sanilac County.</subfield><subfield code="2">fast</subfield><subfield code="0">(OCoLC)fst01214743</subfield></datafield><datafield ind1=" " ind2=" " tag="752"><subfield code="a">United States</subfield><subfield code="b">Michigan</subfield><subfield code="c">Sanilac</subfield><subfield code="d">Croswell.</subfield></datafield><datafield ind1="0" ind2="0" tag="780"><subfield code="t">Sanilac jeffersonian (Lexington, Mich.)</subfield><subfield code="w">(DLC)sn 83016359</subfield><subfield code="w">(OCoLC)9729290</subfield></datafield><datafield ind1="0" ind2="0" tag="785"><subfield code="t">Sanilac jeffersonian (Croswell, Mich.)</subfield><subfield code="w">(DLC)sn 98066175</subfield><subfield code="w">(OCoLC)39344839</subfield></datafield></record>